@article{baye,
    author = {L. Frederiksen and K. W. Jacobsen and K. S. Brown and J. P. Sethna},
    title =       {Bayesian ensemble approach to error estimation of interatomic potentials.},
    journal =      {Phys. Rev. Lett.},
    volume =       {93},
    number =       {165501},
    year =         {2004}
    }
  
@article{dbopt,
    author = {P. Zhang and D. R. Trinkle},
    title =       {Database optimization for empirical interatomic potential models.},
    journal =      {Model. Simul. Mater. Sci. Eng.},
    volume =       {23},
    number =       {065011},
    year =         {2015},
    doi =          {doi:10.1088/0965-0393/23/6/065011}
    }
    
@article{potfit,
    author = {P. Brommer and F. GÃ¤hler},
    title =       {Potfit: effective potentials from ab-initio data},
    journal =      {Model. Simul. Mater. Sci. Eng.},
    volume =       {15(3)},
    page =         {295-304},
    year =         {2007},
    }

@article{tio,
    author = {P. Zhang and D. R. Trinkle},
    title =       {A modified embedded atom method potential for interstitial oxygen in titanium.},
    journal =      {Comp. Mater. Sci.},
    volume =       {124},
    page =       {204-210},
    year =         {2016},
    doi =          {doi:10.1016/j.commatsci.2016.07.039}
    }